@article{hochheiser2004dynamic,
  title={Dynamic query tools for time series data sets: timebox widgets for interactive exploration},
  author={Hochheiser, Harry and Shneiderman, Ben},
  journal={Information Visualization},
  volume={3},
  number={1},
  pages={1--18},
  year={2004},
  publisher={SAGE Publications}
}

@article{buja1996interactive,
  title={Interactive high-dimensional data visualization},
  author={Buja, Andreas and Cook, Dianne and Swayne, Deborah F},
  journal={Journal of computational and graphical statistics},
  volume={5},
  number={1},
  pages={78--99},
  year={1996},
  publisher={Taylor \& Francis}
}

@article{becker1987brushing,
  title={Brushing scatterplots},
  author={Becker, Richard A and Cleveland, William S},
  journal={Technometrics},
  volume={29},
  number={2},
  pages={127--142},
  year={1987},
  publisher={Taylor \& Francis Group}
}

@article{willett2007scented,
  title={Scented widgets: Improving navigation cues with embedded visualizations},
  author={Willett, Wesley and Heer, Jeffrey and Agrawala, Maneesh},
  journal={IEEE Transactions on Visualization and Computer Graphics},
  volume={13},
  number={6},
  pages={1129--1136},
  year={2007},
  publisher={IEEE}
}

@article{dethlefsen2008pervasive,
  title={The pervasive effects of an antibiotic on the human gut microbiota, as revealed by deep 16S rRNA sequencing},
  author={Dethlefsen, Les and Huse, Sue and Sogin, Mitchell L and Relman, David A},
  journal={PLoS biol},
  volume={6},
  number={11},
  pages={e280},
  year={2008},
  publisher={Public Library of Science}
}

@article{saito2002extracting,
  title={Extracting regression rules from neural networks},
  author={Saito, Kazumi and Nakano, Ryohei},
  journal={Neural networks},
  volume={15},
  number={10},
  pages={1279--1288},
  year={2002},
  publisher={Elsevier}
}

@techreport{hafen2013trelliscope,
  title={Trelliscope: A system for detailed visualization in the deep analysis of large complex data},
  author={Hafen, Ryan and Gosink, Luke and McDermott, Jason and Rodland, Karin and Dam, Kleese-Van and Cleveland, William S and others},
  year={2013},
  institution={DTIC Document}
}

@article{friedman2002john,
  title={John W. Tukey's work on interactive graphics},
  author={Friedman, Jerome H and Stuetzle, Werner},
  journal={Annals of Statistics},
  pages={1629--1639},
  year={2002},
  publisher={JSTOR}
}

@article{vaidyanathan2014htmlwidgets,
  title={htmlwidgets: HTML Widgets for R},
  author={Vaidyanathan, Ramnath and Cheng, Joe and Allaire, Joseph and Xie, Yihui and Russell, Kent},
  journal={R package version 0.3},
  volume={2},
  year={2014}
}


@article{turnbaugh2007human,
  title={The human microbiome project: exploring the microbial part of ourselves in a changing world},
  author={Turnbaugh, Peter J and Ley, Ruth E and Hamady, Micah and Fraser-Liggett, Claire and Knight, Rob and Gordon, Jeffrey I},
  journal={Nature},
  volume={449},
  number={7164},
  pages={804},
  year={2007},
  publisher={NIH Public Access}
}
@article{human2012structure,
  title={Structure, function and diversity of the healthy human microbiome},
  author={{Human Microbiome Project Consortium}},
  journal={Nature},
  volume={486},
  number={7402},
  pages={207--214},
  year={2012},
  publisher={Nature Research}
}

@article{shafiei2015biomico,
  title={BioMiCo: a supervised Bayesian model for inference of microbial community structure},
  author={Shafiei, Mahdi and Dunn, Katherine A and Boon, Eva and MacDonald, Shelley M and Walsh, David A and Gu, Hong and Bielawski, Joseph P},
  journal={Microbiome},
  volume={3},
  number={1},
  pages={8},
  year={2015},
  publisher={BioMed Central}
}

@article{chen2012estimating,
  title={Estimating functional groups in human gut microbiome with probabilistic topic models},
  author={Chen, Xin and He, TingTing and Hu, Xiaohua and Zhou, Yanhong and An, Yuan and Wu, Xindong},
  journal={IEEE transactions on nanobioscience},
  volume={11},
  number={3},
  pages={203--215},
  year={2012},
  publisher={IEEE}
}

@article{holmes2012dirichlet,
  title={Dirichlet multinomial mixtures: generative models for microbial metagenomics},
  author={Holmes, Ian and Harris, Keith and Quince, Christopher},
  journal={PloS one},
  volume={7},
  number={2},
  pages={e30126},
  year={2012},
  publisher={Public Library of Science}
}

@article{chen2013variable,
  title={Variable selection for sparse dirichlet-multinomial regression with an application to microbiome data analysis},
  author={Chen, Jun and Li, Hongzhe},
  journal={The annals of applied statistics},
  volume={7},
  number={1},
  year={2013},
  publisher={NIH Public Access}
}

@inproceedings{blei2006dynamic,
  title={Dynamic topic models},
  author={Blei, David M and Lafferty, John D},
  booktitle={Proceedings of the 23rd international conference on Machine learning},
  pages={113--120},
  year={2006},
  organization={ACM}
}

@article{wang2013nonnegative,
  title={Nonnegative matrix factorization: A comprehensive review},
  author={Wang, Yu-Xiong and Zhang, Yu-Jin},
  journal={IEEE Transactions on Knowledge and Data Engineering},
  volume={25},
  number={6},
  pages={1336--1353},
  year={2013},
  publisher={IEEE}
}

@article{berry2007algorithms,
  title={Algorithms and applications for approximate nonnegative matrix factorization},
  author={Berry, Michael W and Browne, Murray and Langville, Amy N and Pauca, V Paul and Plemmons, Robert J},
  journal={Computational statistics \& data analysis},
  volume={52},
  number={1},
  pages={155--173},
  year={2007},
  publisher={Elsevier}
}

@inproceedings{kucukelbir2015automatic,
  title={Automatic variational inference in Stan},
  author={Kucukelbir, Alp and Ranganath, Rajesh and Gelman, Andrew and Blei, David},
  booktitle={Advances in neural information processing systems},
  pages={568--576},
  year={2015}
}

@inproceedings{canny2004gap,
  title={GaP: a factor model for discrete data},
  author={Canny, John},
  booktitle={Proceedings of the 27th annual international ACM SIGIR conference on Research and development in information retrieval},
  pages={122--129},
  year={2004},
  organization={ACM}
}

@article{rubin1984bayesianly,
  title={Bayesianly justifiable and relevant frequency calculations for the applied statistician},
  author={Rubin, Donald B and others},
  journal={The Annals of Statistics},
  volume={12},
  number={4},
  pages={1151--1172},
  year={1984},
  publisher={Institute of Mathematical Statistics}
}

@article{gelman2013philosophy,
  title={Philosophy and the practice of Bayesian statistics},
  author={Gelman, Andrew and Shalizi, Cosma Rohilla},
  journal={British Journal of Mathematical and Statistical Psychology},
  volume={66},
  number={1},
  pages={8--38},
  year={2013},
  publisher={Wiley Online Library}
}

@inproceedings{wang2005inadequacy,
  title={Inadequacy of interval estimates corresponding to variational Bayesian approximations.},
  author={Wang, Bo and Titterington, DM},
  booktitle={AISTATS},
  year={2005}
}


@inproceedings{teh2004sharing,
  title={Sharing Clusters among Related Groups: Hierarchical Dirichlet Processes.},
  author={Teh, Yee Whye and Jordan, Michael I and Beal, Matthew J and Blei, David M},
  booktitle={NIPS},
  pages={1385--1392},
  year={2004}

}

@article{hoffman2013stochastic,
  title={Stochastic variational inference.},
  author={Hoffman, Matthew D and Blei, David M and Wang, Chong and Paisley, John William},
  journal={Journal of Machine Learning Research},
  volume={14},
  number={1},
  pages={1303--1347},
  year={2013}
}

@article{griffiths2004finding,
  title={Finding scientific topics},
  author={Griffiths, Thomas L and Steyvers, Mark},
  journal={Proceedings of the National academy of Sciences},
  volume={101},
  number={suppl 1},
  pages={5228--5235},
  year={2004},
  publisher={National Acad Sciences}
}

@inproceedings{wallach2009evaluation,
  title={Evaluation methods for topic models},
  author={Wallach, Hanna M and Murray, Iain and Salakhutdinov, Ruslan and Mimno, David},
  booktitle={Proceedings of the 26th annual international conference on machine learning},
  pages={1105--1112},
  year={2009},
  organization={ACM}
}

@article{fukuyama2017adaptive,
  title={Adaptive gPCA: A method for structured dimensionality reduction},
  author={Fukuyama, Julia},
  journal={arXiv preprint arXiv:1702.00501},
  year={2017}
}

@article{segata2011metagenomic,
  title={Metagenomic biomarker discovery and explanation},
  author={Segata, Nicola and Izard, Jacques and Waldron, Levi and Gevers, Dirk and Miropolsky, Larisa and Garrett, Wendy S and Huttenhower, Curtis},
  journal={Genome biology},
  volume={12},
  number={6},
  pages={R60},
  year={2011},
  publisher={BioMed Central}
}

@article{chen2013structure,
  title={Structure-constrained sparse canonical correlation analysis with an application to microbiome data analysis},
  author={Chen, Jun and Bushman, Frederic D and Lewis, James D and Wu, Gary D and Li, Hongzhe},
  journal={Biostatistics},
  volume={14},
  number={2},
  pages={244--258},
  year={2013},
  publisher={Biometrika Trust}
}

@article{carpenter2016stan,
  title={Stan: A probabilistic programming language},
  author={Carpenter, Bob and Gelman, Andrew and Hoffman, Matt and Lee, Daniel and Goodrich, Ben and Betancourt, Michael and Brubaker, Michael A and Guo, Jiqiang and Li, Peter and Riddell, Allen},
  journal={Journal of Statistical Software},
  volume={20},
  year={2016}
}

@article{love2014moderated,
  title={Moderated estimation of fold change and dispersion for RNA-seq data with DESeq2},
  author={Love, Michael I and Huber, Wolfgang and Anders, Simon},
  journal={Genome biology},
  volume={15},
  number={12},
  pages={550},
  year={2014},
  publisher={BioMed Central}
}

@article{mcmurdie2014waste,
  title={Waste not, want not: why rarefying microbiome data is inadmissible},
  author={McMurdie, Paul J and Holmes, Susan},
  journal={PLoS Comput Biol},
  volume={10},
  number={4},
  pages={e1003531},
  year={2014},
  publisher={Public Library of Science}
}

@inproceedings{krestel2009latent,
  title={Latent dirichlet allocation for tag recommendation},
  author={Krestel, Ralf and Fankhauser, Peter and Nejdl, Wolfgang},
  booktitle={Proceedings of the third ACM conference on Recommender systems},
  pages={61--68},
  year={2009},
  organization={ACM}
}

@article{yau2003zero,
  title={Zero-inflated negative binomial mixed regression modeling of over-dispersed count data with extra zeros},
  author={Yau, Kelvin KW and Wang, Kui and Lee, Andy H},
  journal={Biometrical Journal},
  volume={45},
  number={4},
  pages={437--452},
  year={2003},
  publisher={Wiley Online Library}
}

@article{pierson2015zifa,
  title={ZIFA: Dimensionality reduction for zero-inflated single-cell gene expression analysis},
  author={Pierson, Emma and Yau, Christopher},
  journal={Genome biology},
  volume={16},
  number={1},
  pages={241},
  year={2015},
  publisher={BioMed Central}
}

@article{romero2014composition,
  title={The composition and stability of the vaginal microbiota of normal pregnant women is different from that of non-pregnant women},
  author={Romero, Roberto and Hassan, Sonia S and Gajer, Pawel and Tarca, Adi L and Fadrosh, Douglas W and Nikita, Lorraine and Galuppi, Marisa and Lamont, Ronald F and Chaemsaithong, Piya and Miranda, Jezid and others},
  journal={Microbiome},
  volume={2},
  number={1},
  pages={4},
  year={2014},
  publisher={BioMed Central}
}

@article{fukuyama2017multidomain,
  title={Multidomain analyses of a longitudinal human microbiome intestinal cleanout perturbation experiment},
  author={Fukuyama, Julia and Rumker, Laurie and Sankaran, Kris and Jeganathan, Pratheepa and Dethlefsen, Les and Relman, David A and Holmes, Susan P},
  journal={PLoS Computational Biology},
  volume={13},
  number={8},
  pages={e1005706},
  year={2017},
  publisher={Public Library of Science}
}

@article{jansson2016multi,
  title={A multi-omic future for microbiome studies},
  author={Jansson, Janet K and Baker, Erin S},
  journal={Nature microbiology},
  volume={1},
  pages={16049},
  year={2016},
  publisher={Nature Publishing Group}
}

@article{eckburg2005diversity,
  title={Diversity of the human intestinal microbial flora},
  author={Eckburg, Paul B and Bik, Elisabeth M and Bernstein, Charles N and Purdom, Elizabeth and Dethlefsen, Les and Sargent, Michael and Gill, Steven R and Nelson, Karen E and Relman, David A},
  journal={science},
  volume={308},
  number={5728},
  pages={1635--1638},
  year={2005},
  publisher={American Association for the Advancement of Science}
}

@article{nigam2000text,
  title={Text classification from labeled and unlabeled documents using EM},
  author={Nigam, Kamal and McCallum, Andrew Kachites and Thrun, Sebastian and Mitchell, Tom},
  journal={Machine learning},
  volume={39},
  number={2},
  pages={103--134},
  year={2000},
  publisher={Springer}
}

@article{zhou2015negative,
  title={Negative binomial process count and mixture modeling},
  author={Zhou, Mingyuan and Carin, Lawrence},
  journal={IEEE Transactions on Pattern Analysis and Machine Intelligence},
  volume={37},
  number={2},
  pages={307--320},
  year={2015},
  publisher={IEEE}
}

@article{callahan2017exact,
  doi = {10.1038/ismej.2017.119},
  url = {https://doi.org/10.1038/ismej.2017.119},
  year  = {2017},
  month = {jul},
  publisher = {Springer Nature},
  author = {Benjamin J Callahan and Paul J McMurdie and Susan P Holmes},
  title = {Exact sequence variants should replace operational taxonomic units in marker-gene data analysis},
  journal = {The {ISME} Journal}
}

@article{sankaran2017latent,
  title={Latent Variable Modeling for the Microbiome},
  author={Sankaran, Kris and Holmes, Susan P},
  journal={arXiv preprint arXiv:1706.04969},
  year={2017}
}

@inproceedings{rasmussen2001occam,
  title={Occam's razor},
  author={Rasmussen, Carl Edward and Ghahramani, Zoubin},
  booktitle={Advances in neural information processing systems},
  pages={294--300},
  year={2001}
}

@article{tibshirani2001estimating,
  title={Estimating the number of clusters in a data set via the gap statistic},
  author={Tibshirani, Robert and Walther, Guenther and Hastie, Trevor},
  journal={Journal of the Royal Statistical Society: Series B (Statistical Methodology)},
  volume={63},
  number={2},
  pages={411--423},
  year={2001},
  publisher={Wiley Online Library}
}

@book{rousseeuw1990finding,
  title={Finding Groups in Data},
  author={Rousseeuw, Peter J and Kaufman, L},
  year={1990},
  publisher={Wiley Online Library}
}

@book{kaufman2009finding,
  title={Finding groups in data: an introduction to cluster analysis},
  author={Kaufman, Leonard and Rousseeuw, Peter J},
  volume={344},
  year={2009},
  publisher={John Wiley \& Sons}
}

@inproceedings{wallach2006topic,
  title={Topic modeling: beyond bag-of-words},
  author={Wallach, Hanna M},
  booktitle={Proceedings of the 23rd international conference on Machine learning},
  pages={977--984},
  year={2006},
  organization={ACM}
}

@inproceedings{teh2005sharing,
  title={Sharing clusters among related groups: Hierarchical Dirichlet processes},
  author={Teh, Yee W and Jordan, Michael I and Beal, Matthew J and Blei, David M},
  booktitle={Advances in neural information processing systems},
  pages={1385--1392},
  year={2005}
}

@article{schloss2007last,
  title={The last word: books as a statistical metaphor for microbial communities},
  author={Schloss, Patrick D and Handelsman, Jo},
  journal={Annu. Rev. Microbiol.},
  volume={61},
  pages={23--34},
  year={2007},
  publisher={Annual Reviews}
}

@article{jiang2017microbiome,
  title={Microbiome Data Representation by Joint Nonnegative Matrix Factorization with Laplacian Regularization},
  author={Jiang, Xingpeng and Hu, Xiaohua and Xu, Weiwei},
  journal={IEEE/ACM Transactions on Computational Biology and Bioinformatics},
  volume={14},
  number={2},
  pages={353--359},
  year={2017},
  publisher={IEEE}
}

@article{digiulio2015temporal,
  title={Temporal and spatial variation of the human microbiota during pregnancy},
  author={DiGiulio, Daniel B and Callahan, Benjamin J and McMurdie, Paul J and Costello, Elizabeth K and Lyell, Deirdre J and Robaczewska, Anna and Sun, Christine L and Goltsman, Daniela SA and Wong, Ronald J and Shaw, Gary and others},
  journal={Proceedings of the National Academy of Sciences},
  volume={112},
  number={35},
  pages={11060--11065},
  year={2015},
  publisher={National Acad Sciences}
}

@article{gilbert2014earth,
  title={The Earth Microbiome project: successes and aspirations},
  author={Gilbert, Jack A and Jansson, Janet K and Knight, Rob},
  journal={BMC biology},
  volume={12},
  number={1},
  pages={69},
  year={2014},
  publisher={BioMed Central}
}

@book{breiman1984classification,
  title={Classification and regression trees},
  author={Breiman, Leo and Friedman, Jerome and Stone, Charles J and Olshen, Richard A},
  year={1984},
  publisher={CRC press}
}

@book{stat315bnotes,
  title={Statistics 315B Lecture Notes},
  author={Friedman, Jerome},
  year={2017}
}

@article{dethlefsen2011incomplete,
  title={Incomplete recovery and individualized responses of the human distal gut microbiota to repeated antibiotic perturbation},
  author={Dethlefsen, Les and Relman, David A},
  journal={Proceedings of the National Academy of Sciences},
  volume={108},
  number={Supplement 1},
  pages={4554--4561},
  year={2011},
  publisher={National Acad Sciences}
}

@book{rasmussen2006gaussian,
  title={Gaussian processes for machine learning},
  author={Rasmussen, Carl Edward and Williams, Christopher KI},
  volume={1},
  year={2006},
  publisher={MIT press Cambridge}
}

@article{quinonero2007approximation,
  title={Approximation methods for Gaussian process regression},
  author={Quinonero-Candela, Joaquin and Rasmussen, Carl Edward and Williams, Christopher KI},
  journal={Large-scale kernel machines},
  pages={203--224},
  year={2007},
  publisher={Cambridge, MA: MIT Press}
}

@article{fox2008hdp,
  title={An HDP-HMM for systems with state persistence},
  author={Fox, Emily B and Sudderth, Erik B and Jordan, Michael I and Willsky, Alan S},
  booktitle={Proceedings of the 25th international conference on Machine learning},
  pages={312--319},
  year={2008},
  organization={ACM}
}

@article{ghahramani1998variational,
  title={Variational learning for switching state-space models},
  author={Ghahramani, Zoubin and Hinton, Geoffrey E},
  booktitle={Neural computation},
  year={1998},
  organization={Citeseer}
}

@article{rasmussen2002infinite,
  title={Infinite mixtures of Gaussian process experts},
  author={Rasmussen, Carl E and Ghahramani, Zoubin},
  booktitle={Advances in neural information processing systems},
  pages={881--888},
  year={2002}
}

@article{fox2012multiresolution,
  title={Multiresolution gaussian processes},
  author={Fox, Emily and Dunson, David B},
  booktitle={Advances in Neural Information Processing Systems},
  pages={737--745},
  year={2012}
}

@book{fruhwirth2006finite,
  title={Finite mixture and Markov switching models},
  author={Fr{\"u}hwirth-Schnatter, Sylvia},
  year={2006},
  publisher={Springer Science \& Business Media}
}

@phdthesis{fox2009bayesian,
  title={Bayesian nonparametric learning of complex dynamical phenomena},
  author={Fox, Emily Beth},
  year={2009},
  school={Massachusetts Institute of Technology}
}

@article{werner2014microbial,
  title={Microbial community dynamics and stability during an ammonia-induced shift to syntrophic acetate oxidation},
  author={Werner, Jeffrey J and Garcia, Marcelo L and Perkins, Sarah D and Yarasheski, Kevin E and Smith, Samuel R and Muegge, Brian D and Stadermann, Frank J and DeRito, Christopher M and Floss, Christine and Madsen, Eugene L and others},
  journal={Applied and environmental microbiology},
  volume={80},
  number={11},
  pages={3375--3383},
  year={2014},
  publisher={Am Soc Microbiol}
}

@article{eloe2015functional,
  title={Functional dynamics of the gut microbiome in elderly people during probiotic consumption},
  author={Eloe-Fadrosh, Emiley A and Brady, Arthur and Crabtree, Jonathan and Drabek, Elliott F and Ma, Bing and Mahurkar, Anup and Ravel, Jacques and Haverkamp, Miriam and Fiorino, Anne-Maria and Botelho, Christine and others},
  journal={MBio},
  volume={6},
  number={2},
  pages={e00231--15},
  year={2015},
  publisher={Am Soc Microbiol}
}

@article{stein2013ecological,
  title={Ecological modeling from time-series inference: insight into dynamics and stability of intestinal microbiota},
  author={Stein, Richard R and Bucci, Vanni and Toussaint, Nora C and Buffie, Charlie G and R{\"a}tsch, Gunnar and Pamer, Eric G and Sander, Chris and Xavier, Jo{\~a}o B},
  journal={PLoS computational biology},
  volume={9},
  number={12},
  pages={e1003388},
  year={2013},
  publisher={Public Library of Science}
}

@article{faust2015metagenomics,
  title={Metagenomics meets time series analysis: unraveling microbial community dynamics},
  author={Faust, Karoline and Lahti, Leo and Gonze, Didier and de Vos, Willem M and Raes, Jeroen},
  journal={Current opinion in microbiology},
  volume={25},
  pages={56--66},
  year={2015},
  publisher={Elsevier}
}

@article{costello2012application,
  title={The application of ecological theory toward an understanding of the human microbiome},
  author={Costello, Elizabeth K and Stagaman, Keaton and Dethlefsen, Les and Bohannan, Brendan JM and Relman, David A},
  journal={Science},
  volume={336},
  number={6086},
  pages={1255--1262},
  year={2012},
  publisher={American Association for the Advancement of Science}
}

@article{fox2011sticky,
  title={A sticky HDP-HMM with application to speaker diarization},
  author={Fox, Emily B and Sudderth, Erik B and Jordan, Michael I and Willsky, Alan S},
  journal={The Annals of Applied Statistics},
  pages={1020--1056},
  year={2011},
  publisher={JSTOR}
}

@article{lee2009optimal,
  title={Optimal futures hedging under jump switching dynamics},
  author={Lee, Hsiang-Tai},
  journal={Journal of Empirical Finance},
  volume={16},
  number={3},
  pages={446--456},
  year={2009},
  publisher={Elsevier}
}

@article{camilleri2014automatic,
  title={Automatic detection of spindles and K-complexes in sleep EEG using switching multiple models},
  author={Camilleri, Tracey A and Camilleri, Kenneth P and Fabri, Simon G},
  journal={Biomedical Signal Processing and Control},
  volume={10},
  pages={117--127},
  year={2014},
  publisher={Elsevier}
}

@inproceedings{weatherley2002relationship,
  title={Relationship between stress heterogeneity and mode-switching dynamics of earthquake analogue automata},
  author={Weatherley, D and Mora, P},
  booktitle={AGU Fall Meeting Abstracts},
  year={2002}
}

@article{rabiner1986introduction,
  title={An introduction to hidden Markov models},
  author={Rabiner, Lawrence and Juang, B},
  journal={ieee assp magazine},
  volume={3},
  number={1},
  pages={4--16},
  year={1986},
  publisher={IEEE}
}

@article{teh2010hierarchical,
  title={Hierarchical Bayesian nonparametric models with applications},
  author={Teh, Yee Whye and Jordan, Michael I},
  journal={Bayesian nonparametrics},
  volume={1},
  year={2010},
  publisher={Camb. Ser. Stat. Probab. Math}
}

@inproceedings{teh2006hierarchical,
  title={A hierarchical Bayesian language model based on Pitman-Yor processes},
  author={Teh, Yee Whye},
  booktitle={Proceedings of the 21st International Conference on Computational Linguistics and the 44th annual meeting of the Association for Computational Linguistics},
  pages={985--992},
  year={2006},
  organization={Association for Computational Linguistics}
}

@inproceedings{fox2009sharing,
  title={Sharing features among dynamical systems with beta processes},
  author={Fox, Emily and Jordan, Michael I and Sudderth, Erik B and Willsky, Alan S},
  booktitle={Advances in Neural Information Processing Systems},
  pages={549--557},
  year={2009}
}

@article{fan2015empirical,
  title={Empirical Bayesian analysis of simultaneous changepoints in multiple data sequences},
  author={Fan, Zhou and Mackey, Lester},
  journal={arXiv preprint arXiv:1508.01280},
  year={2015}
}

@article{donoho1995adapting,
  title={Adapting to unknown smoothness via wavelet shrinkage},
  author={Donoho, David L and Johnstone, Iain M},
  journal={Journal of the american statistical association},
  volume={90},
  number={432},
  pages={1200--1224},
  year={1995},
  publisher={Taylor \& Francis Group}
}

@article{kimeldorf1970correspondence,
  title={A correspondence between Bayesian estimation on stochastic processes and smoothing by splines},
  author={Kimeldorf, George S and Wahba, Grace},
  journal={The Annals of Mathematical Statistics},
  volume={41},
  number={2},
  pages={495--502},
  year={1970},
  publisher={JSTOR}
}

@article{samostring,
  title={String Gaussian Processes},
  author={Samo, Yves-Laurent Kom and Roberts, Stephen J}
}

@phdthesis{paciorek2003nonstationary,
  title={Nonstationary Gaussian processes for regression and spatial modelling},
  author={Paciorek, Christopher Joseph},
  year={2003},
  school={PhD thesis, Carnegie Mellon University, Pittsburgh, Pennsylvania}
}

@inproceedings{tresp2001mixtures,
  title={Mixtures of Gaussian processes},
  author={Tresp, Volker},
  booktitle={Advances in neural information processing systems},
  pages={654--660},
  year={2001}
}

@article{neal2000markov,
  title={Markov chain sampling methods for Dirichlet process mixture models},
  author={Neal, Radford M},
  journal={Journal of computational and graphical statistics},
  volume={9},
  number={2},
  pages={249--265},
  year={2000},
  publisher={Taylor \& Francis Group}
}

@inproceedings{heinonen2016non,
  title={Non-Stationary Gaussian Process Regression with Hamiltonian Monte Carlo},
  author={Heinonen, Markus and Mannerstr{\"o}m, Henrik and Rousu, Juho and Kaski, Samuel and L{\"a}hdesm{\"a}ki, Harri},
  booktitle={Artificial Intelligence and Statistics},
  pages={732--740},
  year={2016}
}

@article{ishwaran2002exact,
  title={Exact and approximate sum representations for the Dirichlet process},
  author={Ishwaran, Hemant and Zarepour, Mahmoud},
  journal={Canadian Journal of Statistics},
  volume={30},
  number={2},
  pages={269--283},
  year={2002},
  publisher={Wiley Online Library}
}

@inproceedings{zhou2012augment,
  title={Augment-and-conquer negative binomial processes},
  author={Zhou, Mingyuan and Carin, Lawrence},
  booktitle={Advances in Neural Information Processing Systems},
  pages={2546--2554},
  year={2012}
}

@article{linderman2016recurrent,
  title={Recurrent switching linear dynamical systems},
  author={Linderman, Scott W and Miller, Andrew C and Adams, Ryan P and Blei, David M and Paninski, Liam and Johnson, Matthew J},
  journal={arXiv preprint arXiv:1610.08466},
  year={2016}
}

@article{de1997scan,
  title={The scan sampler for time series models},
  author={De Jong, Piet},
  journal={Biometrika},
  volume={84},
  number={4},
  pages={929--937},
  year={1997},
  publisher={Oxford University Press}
}

@article{johnson1967hierarchical,
  title={Hierarchical clustering schemes},
  author={Johnson, Stephen C},
  journal={Psychometrika},
  volume={32},
  number={3},
  pages={241--254},
  year={1967},
  publisher={Springer}
}

@article{carter1994gibbs,
  title={On Gibbs sampling for state space models},
  author={Carter, Chris K and Kohn, Robert},
  journal={Biometrika},
  volume={81},
  number={3},
  pages={541--553},
  year={1994},
  publisher={Oxford University Press}
}

@article{liu1994collapsed,
  title={The collapsed Gibbs sampler in Bayesian computations with applications to a gene regulation problem},
  author={Liu, Jun S},
  journal={Journal of the American Statistical Association},
  volume={89},
  number={427},
  pages={958--966},
  year={1994},
  publisher={Taylor \& Francis Group}
}

@article{min2002modeling,
  title={Modeling nonnegative data with clumping at zero: a survey},
  author={Min, Yongyi and Agresti, Alan},
  journal={Journal of the Iranian Statistical Society},
  volume={1},
  number={1},
  pages={7--33},
  year={2002},
  publisher={Journal of The Iranian Statistical Society}
}

@article{manrique1998simulation,
  title={Simulation-based Likelihood Inference for Limited Dependent Processes},
  author={Manrique, Aurora and Shephard, Neil},
  journal={The Econometrics Journal},
  volume={1},
  number={1},
  pages={174--202},
  year={1998},
  publisher={Wiley Online Library}
}

@inproceedings{doucet2000rao,
  title={Rao-Blackwellised particle filtering for dynamic Bayesian networks},
  author={Doucet, Arnaud and De Freitas, Nando and Murphy, Kevin and Russell, Stuart},
  booktitle={Proceedings of the Sixteenth conference on Uncertainty in artificial intelligence},
  pages={176--183},
  year={2000},
  organization={Morgan Kaufmann Publishers Inc.}
}

@article{wei1999bayesian,
  title={A Bayesian approach to dynamic Tobit models},
  author={Wei, Steven X},
  journal={Econometric Reviews},
  volume={18},
  number={4},
  pages={417--439},
  year={1999},
  publisher={Taylor \& Francis}
}

@inproceedings{wan2000unscented,
  title={The unscented Kalman filter for nonlinear estimation},
  author={Wan, Eric A and Van Der Merwe, Rudolph},
  booktitle={Adaptive Systems for Signal Processing, Communications, and Control Symposium 2000. AS-SPCC. The IEEE 2000},
  pages={153--158},
  year={2000},
  organization={Ieee}
}

@article{hostetler1983nonlinear,
  title={Nonlinear Kalman filtering techniques for terrain-aided navigation},
  author={Hostetler, Larry and Andreas, Ronald},
  journal={IEEE Transactions on Automatic Control},
  volume={28},
  number={3},
  pages={315--323},
  year={1983},
  publisher={IEEE}
}

@article{gnedin2001characterization,
  title={A characterization of GEM distributions},
  author={Gnedin, Alexander and Kerov, Sergei},
  journal={Combinatorics, Probability and Computing},
  volume={10},
  number={3},
  pages={213--217},
  year={2001},
  publisher={Cambridge University Press}
}

@article{hotelling1936relations,
  title={Relations between two sets of variates},
  author={Hotelling, Harold},
  journal={Biometrika},
  volume={28},
  number={3/4},
  pages={321--377},
  year={1936},
  publisher={JSTOR}
}

@article{bach2005probabilistic,
  title={A probabilistic interpretation of canonical correlation analysis},
  author={Bach, Francis R and Jordan, Michael I},
  year={2005},
  publisher={Citeseer}
}

@book{pages2014multiple,
  title={Multiple Factor Analysis by example using R},
  author={Pag{\`e}s, J{\'e}r{\^o}me},
  year={2014},
  publisher={CRC Press}
}

@article{mardia1980multivariate,
  title={Multivariate analysis},
  author={Mardia, Kantilal Varichand and Kent, John T and Bibby, John M},
  year={1980},
  publisher={Academic press}
}

@article{pages2004multiple,
  title={Multiple factor analysis: main features and application to sensory data},
  author={Pages, J{\'e}r{\^o}me and others},
  journal={Revista Colombiana de Estad{\'\i}stica},
  volume={27},
  number={1},
  pages={1--26},
  year={2004},
  publisher={Universidad Nacional de Colombia}
}

@article{wold1985partial,
  title={Partial least squares},
  author={Wold, Herman},
  journal={Encyclopedia of statistical sciences},
  year={1985},
  publisher={Wiley Online Library}
}

@article{frank1993statistical,
  title={A statistical view of some chemometrics regression tools},
  author={Frank, Ildiko E and Friedman, Jerome H},
  journal={Technometrics},
  volume={35},
  number={2},
  pages={109--135},
  year={1993},
  publisher={Taylor \& Francis Group}
}

@article{stone1990continuum,
  title={Continuum regression: cross-validated sequentially constructed prediction embracing ordinary least squares, partial least squares and principal components regression},
  author={Stone, Mervyn and Brooks, Rodney J},
  journal={Journal of the Royal Statistical Society. Series B (Methodological)},
  pages={237--269},
  year={1990},
  publisher={JSTOR}
}

@inproceedings{sun2009equivalence,
  title={On the Equivalence between Canonical Correlation Analysis and Orthonormalized Partial Least Squares},
  author={Sun, Liang and Ji, Shuiwang and Yu, Shipeng and Ye, Jieping},
  booktitle={IJCAI},
  volume={9},
  pages={1230--1235},
  year={2009}
}

@article{gustafsson2001probabilistic,
  title={A probabilistic derivation of the partial least-squares algorithm},
  author={Gustafsson, Mats G},
  journal={Journal of chemical information and computer sciences},
  volume={41},
  number={2},
  pages={288--294},
  year={2001},
  publisher={ACS Publications}
}

@article{greenacre1987geometric,
  title={The geometric interpretation of correspondence analysis},
  author={Greenacre, Michael and Hastie, Trevor},
  journal={Journal of the American statistical association},
  volume={82},
  number={398},
  pages={437--447},
  year={1987},
  publisher={Taylor \& Francis Group}
}

@book{greenacre1984theory,
  title={Theory and applications of correspondence analysis},
  author={Greenacre, Michael J},
  year={1984}
}

@article{zhu2005constrained,
  title={Constrained ordination analysis with flexible response functions},
  author={Zhu, Mu and Hastie, Trevor J and Walther, Guenther},
  journal={Ecological Modelling},
  volume={187},
  number={4},
  pages={524--536},
  year={2005},
  publisher={Elsevier}
}

@article{ter1986canonical,
  title={Canonical correspondence analysis: a new eigenvector technique for multivariate direct gradient analysis},
  author={Ter Braak, Cajo JF},
  journal={Ecology},
  volume={67},
  number={5},
  pages={1167--1179},
  year={1986},
  publisher={Eco Soc America}
}
    
@article{yee2004new,
  title={A new technique for maximum-likelihood canonical Gaussian ordination},
  author={Yee, Thomas W},
  journal={Ecological Monographs},
  volume={74},
  number={4},
  pages={685--701},
  year={2004},
  publisher={Eco Soc America}
}
              
@article{zeileis2004kernlab,
  title={kernlab-an S4 package for kernel methods in R},
  author={Zeileis, Achim and Hornik, Kurt and Smola, Alex and Karatzoglou, Alexandros},
  journal={Journal of statistical software},
  volume={11},
  number={9},
  pages={1--20},
  year={2004},
  publisher={American Statistical Association}
}

@article{yamanishi2003extraction,
  title={Extraction of correlated gene clusters from multiple genomic data by generalized kernel canonical correlation analysis},
  author={Yamanishi, Yoshihiro and Vert, J-P and Nakaya, Akihiro and Kanehisa, Minoru},
  journal={Bioinformatics},
  volume={19},
  number={suppl 1},
  pages={i323--i330},
  year={2003},
  publisher={Oxford Univ Press}
}

@article{akaho2006kernel,
  title={A kernel method for canonical correlation analysis},
  author={Akaho, Shotaro},
  journal={arXiv preprint cs/0609071},
  year={2006}
}

@article{bach2003kernel,
  title={Kernel independent component analysis},
  author={Bach, Francis R and Jordan, Michael I},
  journal={The Journal of Machine Learning Research},
  volume={3},
  pages={1--48},
  year={2003},
  publisher={JMLR. org}
}

@article{lanckriet2004statistical,
  title={A statistical framework for genomic data fusion},
  author={Lanckriet, Gert RG and De Bie, Tijl and Cristianini, Nello and Jordan, Michael I and Noble, William Stafford},
  journal={Bioinformatics},
  volume={20},
  number={16},
  pages={2626--2635},
  year={2004},
  publisher={Oxford Univ Press}
}

@techreport{kuss2003geometry,
  title={The geometry of kernel canonical correlation analysis},
  author={Kuss, Malte and Graepel, Thore},
  year={2003}
}

@article{witten2009penalized,
  title={A penalized matrix decomposition, with applications to sparse principal components and canonical correlation analysis},
  author={Witten, Daniela M and Tibshirani, Robert and Hastie, Trevor},
  journal={Biostatistics},
  pages={kxp008commit},
  year={2009},
  publisher={Biometrika Trust}
}
                  
@article{fukumizu2007statistical,
  title={Statistical consistency of kernel canonical correlation analysibs},
  author={Fukumizu, Kenji and Bach, Francis R and Gretton, Arthur},
  journal={The Journal of Machine Learning Research},
  volume={8},
  pages={361--383},
  year={2007},
  publisher={JMLR. org}
}

@article{witten2013package,
  title={Package ‘pma’},
  author={Witten, Daniela and Tibshirani, Rob and Gross, Sam and Narasimhan, Balasubramanian and Witten, Maintainer Daniela},
  journal={Genetics and Molecular Biology},
  volume={8},
  number={1},
  pages={28},
  year={2013}
}

@article{allen2014generalized,
  title={A generalized least-square matrix decomposition},
  author={Allen, Genevera I and Grosenick, Logan and Taylor, Jonathan},
  journal={Journal of the American Statistical Association},
  volume={109},
  number={505},
  pages={145--159},
  year={2014},
  publisher={Taylor \& Francis}
}

@article{binkiewicz2014covariate,
  title={Covariate assisted spectral clustering},
  author={Binkiewicz, Norbert and Vogelstein, Joshua T and Rohe, Karl},
  journal={arXiv preprint arXiv:1411.2158},
  year={2014}
}

@incollection{jiang2012transfer,
  title={Transfer spectral clustering},
  author={Jiang, Wenhao and Chung, Fu-lai},
  booktitle={Machine Learning and Knowledge Discovery in Databases},
  pages={789--803},
  year={2012},
  publisher={Springer}
}

@article{coifman2005geometric,
  title={Geometric diffusions as a tool for harmonic analysis and structure definition of data: Diffusion maps},
  author={Coifman, Ronald R and Lafon, Stephane and Lee, Ann B and Maggioni, Mauro and Nadler, Boaz and Warner, Frederick and Zucker, Steven W},
  journal={Proceedings of the National Academy of Sciences of the United States of America},
  volume={102},
  number={21},
  pages={7426--7431},
  year={2005},
  publisher={National Acad Sciences}
}

@article{rao1964use,
  title={The use and interpretation of principal component analysis in applied research},
  author={Rao, C Radhakrishna},
  journal={Sankhy{\=a}: The Indian Journal of Statistics, Series A},
  pages={329--358},
  year={1964},
  publisher={JSTOR}
}

@article{doledec1994co,
  title={Co-inertia analysis: an alternative method for studying species--environment relationships},
  author={Dol{\'e}dec, Sylvain and Chessel, Daniel},
  journal={Freshwater biology},
  volume={31},
  number={3},
  pages={277--294},
  year={1994},
  publisher={Wiley Online Library}
}

@article{thioulouse2011simultaneous,
  title={Simultaneous analysis of a sequence of paired ecological tables: A comparison of several methods},
  author={Thioulouse, Jean},
  journal={The Annals of Applied Statistics},
  pages={2300--2325},
  year={2011},
  publisher={JSTOR}
}

@article{breiman1997predicting,
  title={Predicting multivariate responses in multiple linear regression},
  author={Breiman, Leo and Friedman, Jerome H},
  journal={Journal of the Royal Statistical Society: Series B (Statistical Methodology)},
  volume={59},
  number={1},
  pages={3--54},
  year={1997},
  publisher={Wiley Online Library}
}

@article{izenman1975reduced,
  title={Reduced-rank regression for the multivariate linear model},
  author={Izenman, Alan Julian},
  journal={Journal of multivariate analysis},
  volume={5},
  number={2},
  pages={248--264},
  year={1975},
  publisher={Elsevier}
}

@article{mukherjee2011reduced,
  title={Reduced rank ridge regression and its kernel extensions},
  author={Mukherjee, Ashin and Zhu, Ji},
  journal={Statistical analysis and data mining},
  volume={4},
  number={6},
  pages={612--622},
  year={2011},
  publisher={Wiley Online Library}
}

@book{friedman2001elements,
  title={The elements of statistical learning},
  author={Friedman, Jerome and Hastie, Trevor and Tibshirani, Robert},
  volume={1},
  year={2001},
  publisher={Springer series in statistics Springer, Berlin}
}

@book{thrun2012learning,
  title={Learning to learn},
  author={Thrun, Sebastian and Pratt, Lorien},
  year={2012},
  publisher={Springer Science \& Business Media}
}

@article{caruana1997multitask,
  title={Multitask learning},
  author={Caruana, Rich},
  journal={Machine learning},
  volume={28},
  number={1},
  pages={41--75},
  year={1997},
  publisher={Springer}
}

@inproceedings{zhang2005learning,
  title={Learning multiple related tasks using latent independent component analysis},
  author={Zhang, Jian and Ghahramani, Zoubin and Yang, Yiming},
  booktitle={Advances in neural information processing systems},
  pages={1585--1592},
  year={2005}
}

@article{chen2010graph,
  title={Graph-structured multi-task regression and an efficient optimization method for general fused Lasso},
  author={Chen, Xi and Kim, Seyoung and Lin, Qihang and Carbonell, Jaime G and Xing, Eric P},
  journal={arXiv preprint arXiv:1005.3579},
  year={2010}
}

@article{argyriou2008convex,
  title={Convex multi-task feature learning},
  author={Argyriou, Andreas and Evgeniou, Theodoros and Pontil, Massimiliano},
  journal={Machine Learning},
  volume={73},
  number={3},
  pages={243--272},
  year={2008},
  publisher={Springer}
}

@article{friedman2009glmnet,
  title={glmnet: Lasso and elastic-net regularized generalized linear models},
  author={Friedman, Jerome and Hastie, Trevor and Tibshirani, Rob},
  journal={R package version},
  volume={1},
  year={2009}
}

@article{parikh2014proximal,
  title={Proximal Algorithms.},
  author={Parikh, Neal and Boyd, Stephen P},
  journal={Foundations and Trends in optimization},
  volume={1},
  number={3},
  pages={127--239},
  year={2014}
}

@article{consonni2007mean,
  title={Mean-field variational approximate Bayesian inference for latent variable models},
  author={Consonni, Guido and Marin, Jean-Michel},
  journal={Computational Statistics \& Data Analysis},
  volume={52},
  number={2},
  pages={790--798},
  year={2007},
  publisher={Elsevier}
}

@article{Franzosa2015,
  doi = {10.1038/nrmicro3451},
  url = {https://doi.org/10.1038/nrmicro3451},
  year  = {2015},
  month = {apr},
  publisher = {Springer Nature},
  volume = {13},
  number = {6},
  pages = {360--372},
  author = {Eric A. Franzosa and Tiffany Hsu and Alexandra Sirota-Madi and Afrah Shafquat and Galeb Abu-Ali and Xochitl C. Morgan and Curtis Huttenhower},
  title = {Sequencing and beyond: integrating molecular 'omics' for microbial community profiling},
  journal = {Nature Reviews Microbiology}
}

@article{McHardy2013,
  doi = {10.1186/2049-2618-1-17},
  url = {https://doi.org/10.1186/2049-2618-1-17},
  year  = {2013},
  publisher = {Springer Nature},
  volume = {1},
  number = {1},
  pages = {17},
  author = {Ian H McHardy and Maryam Goudarzi and Maomeng Tong and Paul M Ruegger and Emma Schwager and John R Weger and Thomas G Graeber and Justin L Sonnenburg and Steve Horvath and Curtis Huttenhower and Dermot PB McGovern and Albert J Fornace and James Borneman and Jonathan Braun},
  title = {Integrative analysis of the microbiome and metabolome of the human intestinal mucosal surface reveals exquisite inter-relationships},
  journal = {Microbiome}
}

@article{Fukuyama2017,
  doi = {10.1371/journal.pcbi.1005706},
  url = {https://doi.org/10.1371/journal.pcbi.1005706},
  year  = {2017},
  month = {aug},
  publisher = {Public Library of Science ({PLoS})},
  volume = {13},
  number = {8},
  pages = {e1005706},
  author = {Julia Fukuyama and Laurie Rumker and Kris Sankaran and Pratheepa Jeganathan and Les Dethlefsen and David A. Relman and Susan P. Holmes},
  editor = {Elhanan Borenstein},
  title = {Multidomain analyses of a longitudinal human microbiome intestinal cleanout perturbation experiment},
  journal = {{PLOS} Computational Biology}
}

@article{Chaudhary2017,
  doi = {10.1101/114892},
  url = {https://doi.org/10.1101/114892},
  year  = {2017},
  month = {mar},
  publisher = {Cold Spring Harbor Laboratory},
  author = {Kumardeep Chaudhary and Olivier B. Poirion and Liangqun Lu and Lana X. Garmire},
  title = {Deep Learning based multi-omics integration robustly predicts survival in liver cancer}
}

@article{Chalise2017,
  doi = {10.1371/journal.pone.0176278},
  url = {https://doi.org/10.1371/journal.pone.0176278},
  year  = {2017},
  month = {may},
  publisher = {Public Library of Science ({PLoS})},
  volume = {12},
  number = {5},
  pages = {e0176278},
  author = {Prabhakar Chalise and Brooke L. Fridley},
  editor = {Shyamal D Peddada},
  title = {Integrative clustering of multi-level `omic data based on non-negative matrix factorization algorithm},
  journal = {{PLOS} {ONE}}
}

@article{Rahnavard2017,
  url = {https://huttenhower.sph.harvard.edu/halla},
  author = {Gholamali Rahnavard and Eric A. Franzosa and Lauren J. McIver and Emma Schwager and George Weingart and Yo Sup Moon and Xochitl C. Morgan and Levi Waldron and Curtis Huttenhower},
  title = {High-sensitivity pattern discovery in large multi'omic datasets}
}

@article{turnbaugh2009core,
  title={A core gut microbiome in obese and lean twins},
  author={Turnbaugh, Peter J and Hamady, Micah and Yatsunenko, Tanya and Cantarel, Brandi L and Duncan, Alexis and Ley, Ruth E and Sogin, Mitchell L and Jones, William J and Roe, Bruce A and Affourtit, Jason P and others},
  journal={nature},
  volume={457},
  number={7228},
  pages={480},
  year={2009},
  publisher={NIH Public Access}
}

@article{ley2006microbial,
  title={Microbial ecology: human gut microbes associated with obesity},
  author={Ley, Ruth E and Turnbaugh, Peter J and Klein, Samuel and Gordon, Jeffrey I},
  journal={Nature},
  volume={444},
  number={7122},
  pages={1022--1023},
  year={2006},
  publisher={Nature Publishing Group}
}

@article{ley2005obesity,
  title={Obesity alters gut microbial ecology},
  author={Ley, Ruth E and B{\"a}ckhed, Fredrik and Turnbaugh, Peter and Lozupone, Catherine A and Knight, Robin D and Gordon, Jeffrey I},
  journal={Proceedings of the National Academy of Sciences of the United States of America},
  volume={102},
  number={31},
  pages={11070--11075},
  year={2005},
  publisher={National Acad Sciences}
}

@article{ley2010obesity,
  title={Obesity and the human microbiome},
  author={Ley, Ruth E},
  journal={Current opinion in gastroenterology},
  volume={26},
  number={1},
  pages={5--11},
  year={2010},
  publisher={LWW}
}

@article{matsuzawa2008role,
  title={The role of fat topology in the risk of disease},
  author={Matsuzawa, Y},
  journal={International journal of obesity},
  volume={32},
  number={S7},
  pages={S83},
  year={2008},
  publisher={Nature Publishing Group}
}


@article{Anders2010,
  doi = {10.1186/gb-2010-11-10-r106},
  url = {https://doi.org/10.1186/gb-2010-11-10-r106},
  year  = {2010},
  publisher = {Springer Nature},
  volume = {11},
  number = {10},
  pages = {R106},
  author = {Simon Anders and Wolfgang Huber},
  title = {Differential expression analysis for sequence count data},
  journal = {Genome Biology}
}

@inproceedings{scholkopf2001kernel,
  title={The kernel trick for distances},
  author={Sch{\"o}lkopf, Bernhard},
  booktitle={Advances in neural information processing systems},
  pages={301--307},
  year={2001}
}

@book{seber2012linear,
  title={Linear regression analysis},
  author={Seber, George AF and Lee, Alan J},
  volume={936},
  year={2012},
  publisher={John Wiley \& Sons}
}

@inproceedings{mohamed2009bayesian,
  title={Bayesian exponential family PCA},
  author={Mohamed, Shakir and Ghahramani, Zoubin and Heller, Katherine A},
  booktitle={Advances in neural information processing systems},
  pages={1089--1096},
  year={2009}
}

@inproceedings{lee2001algorithms,
  title={Algorithms for non-negative matrix factorization},
  author={Lee, Daniel D and Seung, H Sebastian},
  booktitle={Advances in neural information processing systems},
  pages={556--562},
  year={2001}
}

@article{blei2003latent,
  title={Latent dirichlet allocation},
  author={Blei, David M and Ng, Andrew Y and Jordan, Michael I},
  journal={Journal of machine Learning research},
  volume={3},
  number={Jan},
  pages={993--1022},
  year={2003}
}


@article{hardoon2011sparse,
  title={Sparse canonical correlation analysis},
  author={Hardoon, David R and Shawe-Taylor, John},
  journal={Machine Learning},
  volume={83},
  number={3},
  pages={331--353},
  year={2011},
  publisher={Springer}
}

@article{zou2006sparse,
  title={Sparse principal component analysis},
  author={Zou, Hui and Hastie, Trevor and Tibshirani, Robert},
  journal={Journal of computational and graphical statistics},
  volume={15},
  number={2},
  pages={265--286},
  year={2006},
  publisher={Taylor \& Francis}
}

@article{balakrishnan2012sparse,
  title={Sparse additive functional and kernel CCA},
  author={Balakrishnan, Sivaraman and Puniyani, Kriti and Lafferty, John},
  journal={arXiv preprint arXiv:1206.4669},
  year={2012}
}

@article{archambeau2009sparse,
  title={Sparse probabilistic projections},
  author={Archambeau, C{\'e}dric and Bach, Francis R},
  booktitle={Advances in neural information processing systems},
  pages={73--80},
  year={2009}
}

@article{friedman2008sparse,
  title={Sparse inverse covariance estimation with the graphical lasso},
  author={Friedman, Jerome and Hastie, Trevor and Tibshirani, Robert},
  journal={Biostatistics},
  volume={9},
  number={3},
  pages={432--441},
  year={2008},
  publisher={Oxford University Press}
}

@article{chun2010sparse,
  title={Sparse partial least squares regression for simultaneous dimension reduction and variable selection},
  author={Chun, Hyonho and Kele{\c{s}}, S{\"u}nd{\"u}z},
  journal={Journal of the Royal Statistical Society: Series B (Statistical Methodology)},
  volume={72},
  number={1},
  pages={3--25},
  year={2010},
  publisher={Wiley Online Library}
}

@article{chung2012spls,
  title={SPLS: Sparse partial least squares (SPLS) regression and classification},
  author={Chung, Dongjun and Chun, Hyonho and Keles, Sunduz},
  journal={R package, version},
  volume={2},
  pages={1--1},
  year={2012}
}

@article{anders2010differential,
  title={Differential expression analysis for sequence count data},
  author={Anders, Simon and Huber, Wolfgang},
  journal={Genome biology},
  volume={11},
  number={10},
  pages={R106},
  year={2010},
  publisher={BioMed Central}
}

@article{chung2010sparse,
  title={Sparse partial least squares classification for high dimensional data},
  author={Chung, Dongjun and Keles, Sunduz},
  journal={Statistical applications in genetics and molecular biology},
  volume={9},
  number={1},
  year={2010}
}

@article{gomez2014data,
  title={Data integration in the era of omics: current and future challenges},
  author={Gomez-Cabrero, David and Abugessaisa, Imad and Maier, Dieter and Teschendorff, Andrew and Merkenschlager, Matthias and Gisel, Andreas and Ballestar, Esteban and Bongcam-Rudloff, Erik and Conesa, Ana and Tegn{\'e}r, Jesper},
  journal={BMC systems biology},
  volume={8},
  number={2},
  pages={I1},
  year={2014},
  publisher={BioMed Central}
}

@article{hannan1967canonical,
  title={Canonical correlation and multiple equation systems in economics},
  author={Hannan, EJ},
  journal={Econometrica: Journal of the Econometric Society},
  pages={123--138},
  year={1967},
  publisher={JSTOR}
}

@inproceedings{vlassis2000supervised,
  title={Supervised linear feature extraction for mobile robot localization},
  author={Vlassis, Nikos and Motomura, Yoichi and Krose, Ben},
  booktitle={Robotics and Automation, 2000. Proceedings. ICRA'00. IEEE International Conference on},
  volume={3},
  pages={2979--2984},
  year={2000},
  organization={IEEE}
}

@article{wellchina,
  author = {Stanford Prevention Research Center},
  title = {WELL-China: New Wellness Solutions},
  url = {https://prevention.stanford.edu/content/dam/sm/prevention/documents/about/WELL-CHINA.pdf},
  urldate = {11/06/2017}
}

@article{jolliffe2003modified,
  title={A modified principal component technique based on the LASSO},
  author={Jolliffe, Ian T and Trendafilov, Nickolay T and Uddin, Mudassir},
  journal={Journal of computational and Graphical Statistics},
  volume={12},
  number={3},
  pages={531--547},
  year={2003},
  publisher={Taylor \& Francis}
}

@article{le2008sparse,
  title={A sparse PLS for variable selection when integrating omics data},
  author={L{\^e} Cao, Kim-Anh and Rossouw, Debra and Robert-Grani{\'e}, Christele and Besse, Philippe},
  journal={Statistical applications in genetics and molecular biology},
  volume={7},
  number={1},
  year={2008}
}

@inproceedings{heer2004doitrees,
  title={DOITrees revisited: scalable, space-constrained visualization of hierarchical data},
  author={Heer, Jeffrey and Card, Stuart K},
  booktitle={Proceedings of the working conference on Advanced visual interfaces},
  pages={421--424},
  year={2004},
  organization={ACM}
}

@inproceedings{boz2002extracting,
  title={Extracting decision trees from trained neural networks},
  author={Boz, Olcay},
  booktitle={Proceedings of the eighth ACM SIGKDD international conference on Knowledge discovery and data mining},
  pages={456--461},
  year={2002},
  organization={ACM}
}

@article{turnbaugh2007human,
  title={The human microbiome project: exploring the microbial part of ourselves in a changing world},
  author={Turnbaugh, Peter J and Ley, Ruth E and Hamady, Micah and Fraser-Liggett, Claire and Knight, Rob and Gordon, Jeffrey I},
  journal={Nature},
  volume={449},
  number={7164},
  pages={804},
  year={2007},
  publisher={NIH Public Access}
}

@article{cho2012human,
  title={The human microbiome: at the interface of health and disease},
  author={Cho, Ilseung and Blaser, Martin J},
  journal={Nature Reviews Genetics},
  volume={13},
  number={4},
  pages={260--270},
  year={2012},
  publisher={Nature Publishing Group}
}

@incollection{inselberg1991parallel,
  title={Parallel coordinates},
  author={Inselberg, Alfred and Dimsdale, Bernard},
  booktitle={Human-Machine Interactive Systems},
  pages={199--233},
  year={1991},
  publisher={Springer}
}

@article{xie2013cranvas,
  title={cranvas: Interactive statistical graphics based on Qt},
  author={Xie, Yihui and Hofmann, Heike and Cook, Di and Cheng, Xiaoyue},
  journal={R package version 0.8},
  volume={3},
  year={2013}
}

@article{swayne1998xgobi,
  title={XGobi: Interactive dynamic data visualization in the X Window System},
  author={Swayne, Deborah F and Cook, Dianne and Buja, Andreas},
  journal={Journal of Computational and Graphical Statistics},
  volume={7},
  number={1},
  pages={113--130},
  year={1998},
  publisher={Taylor \& Francis Group}
}

@article{brewer2003colorbrewer,
  title={ColorBrewer in print: a catalog of color schemes for maps},
  author={Brewer, Cynthia A and Hatchard, Geoffrey W and Harrower, Mark A},
  journal={Cartography and geographic information science},
  volume={30},
  number={1},
  pages={5--32},
  year={2003},
  publisher={Taylor \& Francis}
}

@article{galili2015dendextend,
  title={dendextend: an R package for visualizing, adjusting and comparing trees of hierarchical clustering},
  author={Galili, Tal},
  journal={Bioinformatics},
  pages={btv428},
  year={2015},
  publisher={Oxford Univ Press}
}

@Manual{rlanguage,
  title = {R: A Language and Environment for Statistical Computing},
  author = {{R Core Team}},
  organization = {R Foundation for Statistical Computing},
  address = {Vienna, Austria},
  year = {2016},
  url = {https://www.R-project.org/},
}

@article{bostock2011d3,
  title={D$^3$ data-driven documents},
  author={Bostock, Michael and Ogievetsky, Vadim and Heer, Jeffrey},
  journal={IEEE transactions on visualization and computer graphics},
  volume={17},
  number={12},
  pages={2301--2309},
  year={2011},
  publisher={IEEE}
}

@article{caporaso2011global,
  title={Global patterns of 16S rRNA diversity at a depth of millions of sequences per sample},
  author={Caporaso, J. Gregory and Lauber, Christian L and Walters, William A and Berg-Lyons, Donna and Lozupone, Catherine A and Turnbaugh, Peter J and Fierer, Noah and Knight, Rob},
  journal={Proceedings of the National Academy of Sciences},
  volume={108},
  number={Supplement 1},
  pages={4516--4522},
  year={2011},
  publisher={National Acad Sciences}
}

@article{mcmurdie2013phyloseq,
  title={phyloseq: an R package for reproducible interactive analysis and graphics of microbiome census data},
  author={McMurdie, Paul J and Holmes, Susan},
  journal={PloS one},
  volume={8},
  number={4},
  pages={e61217},
  year={2013},
  publisher={Public Library of Science}
}

@article{yekutieli2008hierarchical,
  title={Hierarchical false discovery rate--controlling methodology},
  author={Yekutieli, Daniel},
  journal={Journal of the American Statistical Association},
  volume={103},
  number={481},
  pages={309--316},
  year={2008},
  publisher={Taylor \& Francis}
}

@article{sankaran2014structssi,
  title={structSSI: Simultaneous and Selective Inference for Grouped or Hierarchically Structured Data},
  author={Sankaran, Kris and Holmes, Susan},
  journal={Journal of statistical software},
  volume={59},
  number={13},
  pages={1},
  year={2014},
  publisher={NIH Public Access}
}

@article{callahan2016bioconductor,
  title={Bioconductor workflow for microbiome data analysis: from raw reads to community analyses},
  author={Callahan, Ben J and Sankaran, Kris and Fukuyama, Julia A and McMurdie, Paul J and Holmes, Susan P},
  journal={F1000Research},
  volume={5},
  year={2016},
  publisher={Faculty of 1000 Ltd}
}

@incollection{pollard2005multiple,
  title={Multiple testing procedures: the multtest package and applications to genomics},
  author={Pollard, Katherine S and Dudoit, Sandrine and van der Laan, Mark J},
  booktitle={Bioinformatics and computational biology solutions using {R} and bioconductor},
  pages={249--271},
  year={2005},
  publisher={Springer}
}

@inproceedings{johnson2008scalability,
  title={A scalability study of web-native information visualization},
  author={Johnson, Donald W and Jankun-Kelly, TJ},
  booktitle={Proceedings of graphics interface 2008},
  pages={163--168},
  year={2008},
  organization={Canadian Information Processing Society}
}

@article{de2003visual,
  title={From visual data exploration to visual data mining: a survey},
  author={De Oliveira, MC Ferreira and Levkowitz, Haim},
  journal={IEEE Transactions on Visualization and Computer Graphics},
  volume={9},
  number={3},
  pages={378--394},
  year={2003},
  publisher={IEEE}
}

@article{graham2010survey,
  title={A survey of multiple tree visualisation},
  author={Graham, Martin and Kennedy, Jessie},
  journal={Information Visualization},
  volume={9},
  number={4},
  pages={235--252},
  year={2010},
  publisher={SAGE Publications Sage UK: London, England}
}

@book{aigner2011visualization,
  title={Visualization of time-oriented data},
  author={Aigner, Wolfgang and Miksch, Silvia and Schumann, Heidrun and Tominski, Christian},
  year={2011},
  publisher={Springer Science \& Business Media}
}

@article{chakerian2012computational,
  title={Computational tools for evaluating phylogenetic and hierarchical clustering trees},
  author={Chakerian, John and Holmes, Susan},
  journal={Journal of Computational and Graphical Statistics},
  volume={21},
  number={3},
  pages={581--599},
  year={2012},
  publisher={Taylor \& Francis Group}
}

@article{le2008factominer,
  title={FactoMineR: an R package for multivariate analysis},
  author={L{\^e}, S{\'e}bastien and Josse, Julie and Husson, Fran{\c{c}}ois and others},
  journal={Journal of statistical software},
  volume={25},
  number={1},
  pages={1--18},
  year={2008}
}

@article{dray2007ade4,
  title={The ade4 package: implementing the duality diagram for ecologists},
  author={Dray, St{\'e}phane and Dufour, Anne-B{\'e}atrice and others},
  journal={Journal of statistical software},
  volume={22},
  number={4},
  pages={1--20},
  year={2007}
}

@article{oksanen2007vegan,
  title={The vegan package},
  author={Oksanen, Jari and Kindt, Roeland and Legendre, Pierre and O’Hara, Bob and Stevens, M Henry H and Oksanen, Maintainer Jari and Suggests, MASS},
  journal={Community ecology package},
  volume={10},
  pages={631--637},
  year={2007}
}

@incollection{efron1992bootstrap,
  title={Bootstrap methods: another look at the jackknife},
  author={Efron, Bradley},
  booktitle={Breakthroughs in statistics},
  pages={569--593},
  year={1992},
  publisher={Springer}
}

@article{wickham2010ggplot2,
  title={ggplot2: elegant graphics for data analysis},
  author={Wickham, Hadley},
  journal={J Stat Softw},
  volume={35},
  number={1},
  pages={65--88},
  year={2010}
}

@article{hill1976principal,
  title={Principal component analysis of taxonomic data with multi-state discrete characters},
  author={Hill, MO and Smith, AJE},
  journal={Taxon},
  pages={249--255},
  year={1976},
  publisher={JSTOR}
}

@article{daudin1988stability,
  title={Stability of principal component analysis studied by the bootstrap method},
  author={Daudin, JJ and Duby, C and Trecourt, P},
  journal={Statistics: A journal of theoretical and applied statistics},
  volume={19},
  number={2},
  pages={241--258},
  year={1988},
  publisher={Taylor \& Francis}
}

@article{heer2012taxonomy,
  title={A taxonomy of tools that support the fluent and flexible use of visualizations},
  author={Heer, Jeffrey and Shneiderman, Ben and Park, C},
  journal={ACM Queue},
  volume={10},
  number={2},
  pages={1--26},
  year={2012}
}
